<record><leader>00000cas a22000007a 4500</leader><controlfield tag="001">35060203</controlfield><controlfield tag="008">960711d19061911sduwr ne      0    0eng d</controlfield><datafield ind1=" " ind2=" " tag="010"><subfield code="a">sn 96090215 </subfield></datafield><datafield ind1=" " ind2=" " tag="040"><subfield code="a">SXN</subfield><subfield code="b">eng</subfield><subfield code="c">SXN</subfield><subfield code="d">OCLCQ</subfield><subfield code="d">OCLCO</subfield></datafield><datafield ind1="1" ind2=" " tag="029"><subfield code="a">AU@</subfield><subfield code="b">000012679721</subfield></datafield><datafield ind1=" " ind2=" " tag="042"><subfield code="a">msc</subfield></datafield><datafield ind1=" " ind2=" " tag="043"><subfield code="a">n-us-sd</subfield></datafield><datafield ind1="0" ind2=" " tag="130"><subfield code="a">White River journal (Okaton, S.D.)</subfield></datafield><datafield ind1="1" ind2="0" tag="245"><subfield code="a">White River journal.</subfield></datafield><datafield ind1=" " ind2=" " tag="260"><subfield code="a">Oakaton [Okaton], Lyman Co., S.D. :</subfield><subfield code="b">H.L. Bode</subfield></datafield><datafield ind1=" " ind2=" " tag="300"><subfield code="a">v.</subfield></datafield><datafield ind1=" " ind2=" " tag="310"><subfield code="a">Weekly</subfield></datafield><datafield ind1="1" ind2=" " tag="362"><subfield code="a">Began in 1906.</subfield></datafield><datafield ind1="0" ind2=" " tag="362"><subfield code="a">-v. 5, no. 44 (June 23, 1911).</subfield></datafield><datafield ind1=" " ind2=" " tag="530"><subfield code="a">Available on microfilm from: State Archives, South Dakota State Historical Society.</subfield></datafield><datafield ind1=" " ind2=" " tag="588"><subfield code="a">Description based on: Vol. 1, no. 2 (Aug. 10, 1906).</subfield></datafield><datafield ind1=" " ind2="0" tag="651"><subfield code="a">Okaton (S.D.)</subfield><subfield code="v">Newspapers.</subfield></datafield><datafield ind1=" " ind2="0" tag="651"><subfield code="a">Jones County (S.D.)</subfield><subfield code="v">Newspapers.</subfield></datafield><datafield ind1=" " ind2=" " tag="752"><subfield code="a">United States</subfield><subfield code="b">South Dakota</subfield><subfield code="c">Jones</subfield><subfield code="d">Okaton.</subfield></datafield><datafield ind1="0" ind2="0" tag="785"><subfield code="t">Okaton journal</subfield><subfield code="w">(DLC)sn 96090220</subfield></datafield></record>